@article{kullback1951information,
  title     = {On information and sufficiency},
  author    = {Kullback, Solomon and Leibler, Richard A},
  journal   = {The annals of mathematical statistics},
  volume    = {22},
  number    = {1},
  pages     = {79--86},
  year      = {1951},
  publisher = {JSTOR}
}
@comment{
  KL-divergence に関する論文
}

@article{nielsen2019jensen,
  title     = {On the Jensen--Shannon symmetrization of distances relying on abstract means},
  author    = {Nielsen, Frank},
  journal   = {Entropy},
  volume    = {21},
  number    = {5},
  pages     = {485},
  year      = {2019},
  publisher = {Multidisciplinary Digital Publishing Institute}
}
@comment{
  非対称なKL-divergenceを対称化したものを紹介。jeffreys-divergence と jensen-shannon divergence。
}

@article{jeffreys1946invariant,
  title     = {An invariant form for the prior probability in estimation problems},
  author    = {Jeffreys, Harold},
  journal   = {Proceedings of the Royal Society of London. Series A. Mathematical and Physical Sciences},
  volume    = {186},
  number    = {1007},
  pages     = {453--461},
  year      = {1946},
  publisher = {The Royal Society London}
}
@comment{
  jeffreys-divergence についての論文
}

@article{lin1991divergence,
  title     = {Divergence measures based on the Shannon entropy},
  author    = {Lin, Jianhua},
  journal   = {IEEE Transactions on Information theory},
  volume    = {37},
  number    = {1},
  pages     = {145--151},
  year      = {1991},
  publisher = {IEEE}
}
@comment{
  jensen-shannon divergence についての論文
}

@article{endres2003new,
  title     = {A new metric for probability distributions},
  author    = {Endres, Dominik Maria and Schindelin, Johannes E},
  journal   = {IEEE Transactions on Information theory},
  volume    = {49},
  number    = {7},
  pages     = {1858--1860},
  year      = {2003},
  publisher = {IEEE}
}
@comment{
  Jensen-Shannon divergence の平方根が、距離を表現するものとして適切な指標であることを証明しています
  Jensen-Shannon distance has been proved to be a valid distance metric.
・obviously symmetric
・𝐽𝑆𝑑𝑖𝑠𝑡(𝑝(𝑥),𝑞(𝑥))=0  when 𝑝(𝑥)=𝑞(𝑥)
・fulfill the triangle inequality  (𝐽𝑆𝑑𝑖𝑣 does not)
}

@article{briet2009properties,
  title     = {Properties of classical and quantum Jensen-Shannon divergence},
  author    = {Bri{\"e}t, Jop and Harremo{\"e}s, Peter},
  journal   = {Physical review A},
  volume    = {79},
  number    = {5},
  pages     = {052311},
  year      = {2009},
  publisher = {APS}
}
@comment{
  , usually called Jensen–Shannon distance, takes values in [0,1]
and satisfies all the properties of a metric if applied to qbits
}

@article{lamberti2008metric,
  title     = {Metric character of the quantum Jensen-Shannon divergence},
  author    = {Lamberti, PW and Majtey, AP and Borras, A and Casas, Montserrat and Plastino, A},
  journal   = {Physical Review A},
  volume    = {77},
  number    = {5},
  pages     = {052311},
  year      = {2008},
  publisher = {APS}
}
@comment{
. Some recent numerical arguments have shown that
DJS p behaves similar to a metric as well
}

@article{braunstein2006laplacian,
  title     = {The Laplacian of a graph as a density matrix: a basic combinatorial approach to separability of mixed states},
  author    = {Braunstein, Samuel L and Ghosh, Sibasish and Severini, Simone},
  journal   = {Annals of Combinatorics},
  volume    = {10},
  number    = {3},
  pages     = {291--317},
  year      = {2006},
  publisher = {Springer}
}
@comment{
  extend von Neumann entropy to von Neumann entropy of Network.
  Laplacian of a graph が、density matrix になることを示している。
}

@inproceedings{chen2019fast,
  title     = {Fast incremental von neumann graph entropy computation: Theory, algorithm, and applications},
  author    = {Chen, Pin-Yu and Wu, Lingfei and Liu, Sijia and Rajapakse, Indika},
  booktitle = {International Conference on Machine Learning},
  pages     = {1091--1101},
  year      = {2019}
}
@comment{
Von Neumann graph entropyの近似計算
}


@inproceedings{tsitsulin2020just,
  title     = {Just slaq when you approximate: Accurate spectral distances for web-scale graphs},
  author    = {Tsitsulin, Anton and Munkhoeva, Marina and Perozzi, Bryan},
  booktitle = {Proceedings of The Web Conference 2020},
  pages     = {2697--2703},
  year      = {2020}
}
@comment{
Von Neumann graph entropyの近似計算
}
